@inproceedings{DBLP:conf/aplas/SuenagaK09,
  author    = {Kohei Suenaga and
               Naoki Kobayashi},
  title     = {Fractional Ownerships for Safe Memory Deallocation},
  booktitle = {APLAS},
  year      = {2009},
  pages     = {128-143},
  ee        = {http://dx.doi.org/10.1007/978-3-642-10672-9_11},
  crossref  = {DBLP:conf/aplas/2009},
  bibsource = {DBLP, http://dblp.uni-trier.de}
}
@inproceedings{DBLP:conf/pldi/HeineL03,
  author    = {David L. Heine and
               Monica S. Lam},
  title     = {A practical flow-sensitive and context-sensitive {C} and {C++}
               memory leak detector},
  booktitle = {PLDI},
  year      = {2003},
  pages     = {168-181},
  ee        = {http://doi.acm.org/10.1145/781131.781150},
  crossref  = {DBLP:conf/pldi/2003},
  bibsource = {DBLP, http://dblp.uni-trier.de}
}
@proceedings{DBLP:conf/pldi/2003,
  editor    = {Ron Cytron and
               Rajiv Gupta},
  title     = {Proceedings of the ACM SIGPLAN 2003 Conference on Programming
               Language Design and Implementation 2003, San Diego, California,
               USA, June 9-11, 2003},
  booktitle = {PLDI},
  publisher = {ACM},
  year      = {2003},
  isbn      = {1-58113-662-5},
  bibsource = {DBLP, http://dblp.uni-trier.de}
}
@inproceedings{DBLP:conf/sigsoft/XieA05,
  author    = {Yichen Xie and
               Alexander Aiken},
  title     = {Context- and path-sensitive memory leak detection},
  booktitle = {ESEC/SIGSOFT FSE},
  year      = {2005},
  pages     = {115-125},
  ee        = {http://doi.acm.org/10.1145/1081706.1081728},
  crossref  = {DBLP:conf/sigsoft/2005},
  bibsource = {DBLP, http://dblp.uni-trier.de}
}
@proceedings{DBLP:conf/sigsoft/2005,
  editor    = {Michel Wermelinger and
               Harald Gall},
  title     = {Proceedings of the 10th European Software Engineering Conference
               held jointly with 13th ACM SIGSOFT International Symposium
               on Foundations of Software Engineering, 2005, Lisbon, Portugal,
               September 5-9, 2005},
  booktitle = {ESEC/SIGSOFT FSE},
  publisher = {ACM},
  year      = {2005},
  isbn      = {1-59593-014-0},
  bibsource = {DBLP, http://dblp.uni-trier.de}
}
@article{DBLP:journals/scp/SwamyHMGJ06,
  author    = {Nikhil Swamy and
               Michael W. Hicks and
               Greg Morrisett and
               Dan Grossman and
               Trevor Jim},
  title     = {Safe manual memory management in Cyclone},
  journal   = {Sci. Comput. Program.},
  volume    = {62},
  number    = {2},
  year      = {2006},
  pages     = {122-144},
  ee        = {http://dx.doi.org/10.1016/j.scico.2006.02.003},
  bibsource = {DBLP, http://dblp.uni-trier.de}
}
@proceedings{DBLP:conf/aplas/2009,
  editor    = {Zhenjiang Hu},
  title     = {Programming Languages and Systems, 7th Asian Symposium,
               APLAS 2009, Seoul, Korea, December 14-16, 2009. Proceedings},
  booktitle = {APLAS},
  publisher = {Springer},
  series    = {Lecture Notes in Computer Science},
  volume    = {5904},
  year      = {2009},
  isbn      = {978-3-642-10671-2},
  ee        = {http://dx.doi.org/10.1007/978-3-642-10672-9},
  bibsource = {DBLP, http://dblp.uni-trier.de}
}
@proceedings{DBLP:conf/esop/1998,
editor = {Chris Hankin},
booktitle = {ESOP},
publisher = {Springer},
series = {Lecture Notes in Computer Science},
volume = {1381},
year = {1998},
isbn = {3-540-64302-8},
bibsource = {DBLP, http://dblp.uni-trier.de}
}
@book{plain:book1,
  title={Types and programming languages},
  author={Pierce, Benjamin C},
  year={2002},
  publisher={MIT press}
}
@article{DBLP:journals/iandc/MilnerPW92a,
  author    = {Robin Milner and
               Joachim Parrow and
               David Walker},
  title     = {A Calculus of Mobile Processes, {I}},
  journal   = {Inf. Comput.},
  volume    = {100},
  number    = {1},
  pages     = {1--40},
  year      = {1992},
  timestamp = {Thu, 20 Nov 2003 12:03:19 +0100},
  biburl    = {http://dblp.uni-trier.de/rec/bib/journals/iandc/MilnerPW92a},
  bibsource = {dblp computer science bibliography, http://dblp.org}
}
@inproceedings{DBLP:conf/sas/OrlovichR06,
  author    = {Maksim Orlovich and
               Radu Rugina},
  title     = {Memory Leak Analysis by Contradiction},
  booktitle = {Static Analysis, 13th International Symposium, {SAS} 2006, Seoul,
               Korea, August 29-31, 2006, Proceedings},
  pages     = {405--424},
  year      = {2006},
  url       = {http://dx.doi.org/10.1007/11823230_26},
  doi       = {10.1007/11823230_26},
  timestamp = {Thu, 23 Nov 2006 13:13:02 +0100},
  biburl    = {http://dblp.uni-trier.de/rec/bib/conf/sas/OrlovichR06},
  bibsource = {dblp computer science bibliography, http://dblp.org}
}
@proceedings{DBLP:conf/sas/2006,
  editor    = {Kwangkeun Yi},
  title     = {Static Analysis, 13th International Symposium, {SAS} 2006, Seoul,
               Korea, August 29-31, 2006, Proceedings},
  series    = {Lecture Notes in Computer Science},
  volume    = {4134},
  publisher = {Springer},
  year      = {2006},
  isbn      = {3-540-37756-5},
  timestamp = {Thu, 23 Nov 2006 13:13:02 +0100},
  biburl    = {http://dblp.uni-trier.de/rec/bib/conf/sas/2006},
  bibsource = {dblp computer science bibliography, http://dblp.org}
}
@inproceedings{DBLP:conf/issta/SuiYX12,
  author    = {Yulei Sui and
               Ding Ye and
               Jingling Xue},
  title     = {Static memory leak detection using full-sparse value-flow analysis},
  booktitle = {International Symposium on Software Testing and Analysis, {ISSTA}
               2012, Minneapolis, MN, USA, July 15-20, 2012},
  pages     = {254--264},
  year      = {2012},
  url       = {http://doi.acm.org/10.1145/2338965.2336784},
  doi       = {10.1145/2338965.2336784},
  timestamp = {Sun, 09 Sep 2012 16:49:36 +0200},
  biburl    = {http://dblp.uni-trier.de/rec/bib/conf/issta/SuiYX12},
  bibsource = {dblp computer science bibliography, http://dblp.org}
}
@proceedings{DBLP:conf/issta/2012,
  editor    = {Mats Per Erik Heimdahl and
               Zhendong Su},
  title     = {International Symposium on Software Testing and Analysis, {ISSTA}
               2012, Minneapolis, MN, USA, July 15-20, 2012},
  publisher = {{ACM}},
  year      = {2012},
  url       = {http://dl.acm.org/citation.cfm?id=2338965},
  isbn      = {978-1-4503-1454-1},
  timestamp = {Sun, 09 Sep 2012 16:47:44 +0200},
  biburl    = {http://dblp.uni-trier.de/rec/bib/conf/issta/2012},
  bibsource = {dblp computer science bibliography, http://dblp.org}
}
@inproceedings{DBLP:conf/esop/HondaVK98,
  author    = {Kohei Honda and
               Vasco Thudichum Vasconcelos and
               Makoto Kubo},
  title     = {Language Primitives and Type Discipline for Structured Communication-Based
               Programming},
  booktitle = {{ESOP} 1998},
  pages     = {122--138},
  year      = {1998},
  url       = {http://dx.doi.org/10.1007/BFb0053567},
  doi       = {10.1007/BFb0053567},
  timestamp = {Sun, 20 Sep 2009 17:24:17 +0200},
  biburl    = {http://dblp.uni-trier.de/rec/bib/conf/esop/HondaVK98},
  bibsource = {dblp computer science bibliography, http://dblp.org}
}
@proceedings{DBLP:conf/esop/1998,
  editor    = {Chris Hankin},
  title     = {{ESOP} 1998},
  series    = {Lecture Notes in Computer Science},
  volume    = {1381},
  publisher = {Springer},
  year      = {1998},
  isbn      = {3-540-64302-8},
  timestamp = {Wed, 17 Apr 2002 09:38:10 +0200},
  biburl    = {http://dblp.uni-trier.de/rec/bib/conf/esop/1998},
  bibsource = {dblp computer science bibliography, http://dblp.org}
}
@inproceedings{DBLP:conf/esop/VieiraCS08,
  author    = {Hugo Torres Vieira and
               Lu{\'{\i}}s Caires and
               Jo{\~{a}}o Costa Seco},
  title     = {The Conversation Calculus: {A} Model of Service-Oriented Computation},
  booktitle = {{ESOP} 2008},
  pages     = {269--283},
  year      = {2008},
  url       = {http://dx.doi.org/10.1007/978-3-540-78739-6_21},
  doi       = {10.1007/978-3-540-78739-6_21},
  timestamp = {Wed, 16 Apr 2008 07:45:34 +0200},
  biburl    = {http://dblp.uni-trier.de/rec/bib/conf/esop/VieiraCS08},
  bibsource = {dblp computer science bibliography, http://dblp.org}
}
@proceedings{DBLP:conf/esop/2008,
  editor    = {Sophia Drossopoulou},
  title     = {Programming Languages and Systems, 17th European Symposium on Programming,
               {ESOP} 2008, Held as Part of the Joint European Conferences on Theory
               and Practice of Software, {ETAPS} 2008, Budapest, Hungary, March 29-April
               6, 2008. Proceedings},
  series    = {Lecture Notes in Computer Science},
  volume    = 4960,
  publisher = {Springer},
  year      = 2008,
  isbn      = {978-3-540-78738-9},
  timestamp = {Wed, 16 Apr 2008 07:43:44 +0200},
  biburl    = {http://dblp.uni-trier.de/rec/bib/conf/esop/2008},
  bibsource = {dblp computer science bibliography, http://dblp.org}
}
@Unpublished{fullversion,
  author = 	 {Qi Tan and Kohei Suenaga and Atsushi Igarashi},
  title = 	 {A Behavioral Type System for Memory-Leak Freedom},
  note = 	 {Available from \url{http://www.fos.kuis.kyoto-u.ac.jp/~tanki/memoryleak.pdf}}
}
@book{clarke1999model,
  title={Model checking},
  author={Clarke, Edmund M and Grumberg, Orna and Peled, Doron},
  year={1999},
  publisher={MIT press}
}
@book{ben2008principles,
  title={Principles of the Spin model checker},
  author={Ben-Ari, Mordechai},
  year={2008},
  publisher={Springer}
}
@book{holzmann2004spin,
  title={The SPIN model checker: Primer and reference manual},
  author={Holzmann, Gerard J},
  volume={1003},
  year={2004},
  publisher={Addison-Wesley Reading}
}
@inproceedings{beyer2011cpachecker,
  title={CPACHECKER: A tool for configurable software verification},
  author={Beyer, Dirk and Keremoglu, M Erkan},
  booktitle={Computer Aided Verification},
  pages={184--190},
  year={2011},
  organization={Springer}
}
@Misc{lch,
  author =    {Zed Shaw},
  title =     {Learn C the Hard Way},
  note =      {\url{http://c.learncodethehardway.org/}},
  annote =    {Accessed on Feb. 16, 2015.}
}
@inproceedings{DBLP:conf/pldi/XiP98,
  author    = {Hongwei Xi and
               Frank Pfenning},
  title     = {Eliminating Array Bound Checking Through Dependent Types},
  booktitle = {Proceedings of the {ACM} {SIGPLAN} '98 Conference on Programming Language
               Design and Implementation (PLDI), Montreal, Canada, June 17-19, 1998},
  pages     = {249--257},
  year      = {1998},
  url       = {http://doi.acm.org/10.1145/277650.277732},
  doi       = {10.1145/277650.277732},
  timestamp = {Mon, 21 May 2012 16:19:53 +0200},
  biburl    = {http://dblp.uni-trier.de/rec/bib/conf/pldi/XiP98},
  bibsource = {dblp computer science bibliography, http://dblp.org}
}
@proceedings{DBLP:conf/pldi/1998,
  editor    = {Jack W. Davidson and
               Keith D. Cooper and
               A. Michael Berman},
  title     = {Proceedings of the {ACM} {SIGPLAN} '98 Conference on Programming Language
               Design and Implementation (PLDI), Montreal, Canada, June 17-19, 1998},
  publisher = {{ACM}},
  year      = {1998},
  url       = {http://dl.acm.org/citation.cfm?id=277650},
  isbn      = {0-89791-987-4},
  timestamp = {Mon, 21 May 2012 16:19:53 +0200},
  biburl    = {http://dblp.uni-trier.de/rec/bib/conf/pldi/1998},
  bibsource = {dblp computer science bibliography, http://dblp.org}
}
@inproceedings{DBLP:conf/popl/XiP99,
  author    = {Hongwei Xi and
               Frank Pfenning},
  title     = {Dependent Types in Practical Programming},
  booktitle = {{POPL} '99, Proceedings of the 26th {ACM} {SIGPLAN-SIGACT} Symposium
               on Principles of Programming Languages, San Antonio, TX, USA, January
               20-22, 1999},
  pages     = {214--227},
  year      = {1999},
  url       = {http://doi.acm.org/10.1145/292540.292560},
  doi       = {10.1145/292540.292560},
  timestamp = {Mon, 21 May 2012 16:19:51 +0200},
  biburl    = {http://dblp.uni-trier.de/rec/bib/conf/popl/XiP99},
  bibsource = {dblp computer science bibliography, http://dblp.org}
}
@proceedings{DBLP:conf/popl/1999,
  editor    = {Andrew W. Appel and
               Alex Aiken},
  title     = {{POPL} '99, Proceedings of the 26th {ACM} {SIGPLAN-SIGACT} Symposium
               on Principles of Programming Languages, San Antonio, TX, USA, January
               20-22, 1999},
  publisher = {{ACM}},
  year      = {1999},
  url       = {http://dl.acm.org/citation.cfm?id=292540},
  isbn      = {1-58113-095-3},
  timestamp = {Mon, 21 May 2012 16:19:51 +0200},
  biburl    = {http://dblp.uni-trier.de/rec/bib/conf/popl/1999},
  bibsource = {dblp computer science bibliography, http://dblp.org}
}
@inproceedings{DBLP:conf/tldi/Norell09,
  author    = {Ulf Norell},
  title     = {Dependently typed programming in Agda},
  booktitle = {Proceedings of TLDI'09: 2009 {ACM} {SIGPLAN} International Workshop
               on Types in Languages Design and Implementation, Savannah, GA, USA,
               January 24, 2009},
  pages     = {1--2},
  year      = {2009},
  url       = {http://doi.acm.org/10.1145/1481861.1481862},
  doi       = {10.1145/1481861.1481862},
  timestamp = {Tue, 22 May 2012 15:24:55 +0200},
  biburl    = {http://dblp.uni-trier.de/rec/bib/conf/tldi/Norell09},
  bibsource = {dblp computer science bibliography, http://dblp.org}
}
@proceedings{DBLP:conf/tldi/2009,
  editor    = {Andrew Kennedy and
               Amal Ahmed},
  title     = {Proceedings of TLDI'09: 2009 {ACM} {SIGPLAN} International Workshop
               on Types in Languages Design and Implementation, Savannah, GA, USA,
               January 24, 2009},
  publisher = {{ACM}},
  year      = {2009},
  url       = {http://dl.acm.org/citation.cfm?id=1481861},
  isbn      = {978-1-60558-420-1},
  timestamp = {Tue, 22 May 2012 15:24:55 +0200},
  biburl    = {http://dblp.uni-trier.de/rec/bib/conf/tldi/2009},
  bibsource = {dblp computer science bibliography, http://dblp.org}
}

@article{DBLP:journals/corr/abs-1208-6483,
  author    = {Pierre{-}Malo Deni{\'{e}}lou and
               Nobuko Yoshida and
               Andi Bejleri and
               Raymond Hu},
  title     = {Parameterised Multiparty Session Types},
  journal   = {Logical Methods in Computer Science},
  volume    = {8},
  number    = {4},
  year      = {2012},
  url       = {http://dx.doi.org/10.2168/LMCS-8(4:6)2012},
  doi       = {10.2168/LMCS-8(4:6)2012},
  timestamp = {Mon, 15 Oct 2012 13:17:50 +0200},
  biburl    = {http://dblp.uni-trier.de/rec/bib/journals/corr/abs-1208-6483},
  bibsource = {dblp computer science bibliography, http://dblp.org}
}

@inproceedings{DBLP:conf/popl/HondaYC08,
  author    = {Kohei Honda and
               Nobuko Yoshida and
               Marco Carbone},
  title     = {Multiparty asynchronous session types},
  booktitle = {Proceedings of the 35th {ACM} {SIGPLAN-SIGACT} Symposium on Principles
               of Programming Languages, {POPL} 2008, San Francisco, California,
               USA, January 7-12, 2008},
  pages     = {273--284},
  year      = {2008},
  url       = {http://doi.acm.org/10.1145/1328438.1328472},
  doi       = {10.1145/1328438.1328472},
  timestamp = {Tue, 22 May 2012 15:24:56 +0200},
  biburl    = {http://dblp.uni-trier.de/rec/bib/conf/popl/HondaYC08},
  bibsource = {dblp computer science bibliography, http://dblp.org}
}

@article{DBLP:journals/lmcs/KobayashiSW06,
  author    = {Naoki Kobayashi and
               Kohei Suenaga and
               Lucian Wischik},
  title     = {Resource Usage Analysis for the $\pi$-Calculus},
  journal   = {Logical Methods in Computer Science},
  volume    = {2},
  number    = {3},
  year      = {2006},
  url       = {http://dx.doi.org/10.2168/LMCS-2(3:4)2006},
  doi       = {10.2168/LMCS-2(3:4)2006},
  timestamp = {Thu, 28 Nov 2013 14:43:35 +0100},
  biburl    = {http://dblp.uni-trier.de/rec/bib/journals/lmcs/KobayashiSW06},
  bibsource = {dblp computer science bibliography, http://dblp.org}
}

@inproceedings{DBLP:conf/concur/Kobayashi06,
  author    = {Naoki Kobayashi},
  title     = {A New Type System for Deadlock-Free Processes},
  booktitle = {{CONCUR} 2006 - Concurrency Theory, 17th International Conference,
               {CONCUR} 2006, Bonn, Germany, August 27-30, 2006, Proceedings},
  pages     = {233--247},
  year      = {2006},
  url       = {http://dx.doi.org/10.1007/11817949_16},
  doi       = {10.1007/11817949_16},
  timestamp = {Fri, 19 Jul 2013 09:37:20 +0200},
  biburl    = {http://dblp.uni-trier.de/rec/bib/conf/concur/Kobayashi06},
  bibsource = {dblp computer science bibliography, http://dblp.org}
}

@article{DBLP:journals/acta/Kobayashi05,
  author    = {Naoki Kobayashi},
  title     = {Type-based information flow analysis for the pi-calculus},
  journal   = {Acta Inf.},
  volume    = {42},
  number    = {4-5},
  pages     = {291--347},
  year      = {2005},
  url       = {http://dx.doi.org/10.1007/s00236-005-0179-x},
  doi       = {10.1007/s00236-005-0179-x},
  timestamp = {Fri, 19 Jul 2013 09:37:21 +0200},
  biburl    = {http://dblp.uni-trier.de/rec/bib/journals/acta/Kobayashi05},
  bibsource = {dblp computer science bibliography, http://dblp.org}
}

@article{DBLP:journals/tcs/IgarashiK04,
  author    = {Atsushi Igarashi and
               Naoki Kobayashi},
  title     = {A generic type system for the Pi-calculus},
  journal   = {Theor. Comput. Sci.},
  volume    = {311},
  number    = {1-3},
  pages     = {121--163},
  year      = {2004},
  url       = {http://dx.doi.org/10.1016/S0304-3975(03)00325-6},
  doi       = {10.1016/S0304-3975(03)00325-6},
  timestamp = {Fri, 19 Jul 2013 09:37:21 +0200},
  biburl    = {http://dblp.uni-trier.de/rec/bib/journals/tcs/IgarashiK04},
  bibsource = {dblp computer science bibliography, http://dblp.org}
}

@article{DBLP:journals/tcs/CairesV10,
  author    = {Lu{\'{\i}}s Caires and
               Hugo Torres Vieira},
  title     = {Conversation types},
  journal   = {Theor. Comput. Sci.},
  volume    = {411},
  number    = {51-52},
  pages     = {4399--4440},
  year      = {2010},
  url       = {http://dx.doi.org/10.1016/j.tcs.2010.09.010},
  doi       = {10.1016/j.tcs.2010.09.010},
  timestamp = {Tue, 07 Dec 2010 16:23:22 +0100},
  biburl    = {http://dblp.uni-trier.de/rec/bib/journals/tcs/CairesV10},
  bibsource = {dblp computer science bibliography, http://dblp.org}
}

@article{DBLP:journals/csur/HuttelLVCCDMPRT16,
  author    = {Hans H{\"{u}}ttel and
               Ivan Lanese and
               Vasco T. Vasconcelos and
               Lu{\'{\i}}s Caires and
               Marco Carbone and
               Pierre{-}Malo Deni{\'{e}}lou and
               Dimitris Mostrous and
               Luca Padovani and
               Ant{\'{o}}nio Ravara and
               Emilio Tuosto and
               Hugo Torres Vieira and
               Gianluigi Zavattaro},
  title     = {Foundations of Session Types and Behavioural Contracts},
  journal   = {{ACM} Comput. Surv.},
  volume    = {49},
  number    = {1},
  pages     = {3},
  year      = {2016},
  url       = {http://doi.acm.org/10.1145/2873052},
  doi       = {10.1145/2873052},
  timestamp = {Fri, 05 Aug 2016 20:46:32 +0200},
  biburl    = {http://dblp.uni-trier.de/rec/bib/journals/csur/HuttelLVCCDMPRT16},
  bibsource = {dblp computer science bibliography, http://dblp.org}
}

@article{DBLP:journals/toplas/IgarashiK05,
  author    = {Atsushi Igarashi and
               Naoki Kobayashi},
  title     = {Resource usage analysis},
  journal   = {{ACM} Trans. Program. Lang. Syst.},
  volume    = {27},
  number    = {2},
  pages     = {264--313},
  year      = {2005},
  url       = {http://doi.acm.org/10.1145/1057387.1057390},
  doi       = {10.1145/1057387.1057390},
  timestamp = {Fri, 19 Jul 2013 09:37:21 +0200},
  biburl    = {http://dblp.uni-trier.de/rec/bib/journals/toplas/IgarashiK05},
  bibsource = {dblp computer science bibliography, http://dblp.org}
}